@misc{n8n_schedule_trigger,
    author = {N8N.IO},
    title = {Schedule Trigger},
    year = {2025},
    url = {https://docs.n8n.io/integrations/builtin/core-nodes/n8n-nodes-base.scheduletrigger/},
    urlaccessdate = {25 set. 2025}
}

@misc{n8n_datetime,
    author = {N8N.IO},
    title = {Date \& Time},
    year = {2025},
    url = {https://docs.n8n.io/integrations/builtin/core-nodes/n8n-nodes-base.datetime/},
    urlaccessdate = {25 set. 2025}
}

@misc{n8n_http_request,
    author = {N8N.IO},
    title = {HTTP Request},
    year = {2025},
    url = {https://docs.n8n.io/integrations/builtin/core-nodes/n8n-nodes-base.httprequest/},
    urlaccessdate = {25 set. 2025}
}

@misc{n8n_merge,
    author = {N8N.IO},
    title = {Merge},
    year = {2025},
    url = {https://docs.n8n.io/integrations/builtin/core-nodes/n8n-nodes-base.merge/},
    urlaccessdate = {25 set. 2025}
}

@misc{n8n_aggregate,
    author = {N8N.IO},
    title = {Aggregate},
    year = {2025},
    url = {https://docs.n8n.io/integrations/builtin/core-nodes/n8n-nodes-base.aggregate/},
    urlaccessdate = {25 set. 2025}
}

@misc{n8n_set,
    author = {N8N.IO},
    title = {Edit Fields (Set)},
    year = {2025},
    url = {https://docs.n8n.io/integrations/builtin/core-nodes/n8n-nodes-base.set/},
    urlaccessdate = {25 set. 2025}
}

@misc{n8n_openai,
    author = {N8N.IO},
    title = {OpenAI},
    year = {2025},
    url = {https://docs.n8n.io/integrations/builtin/app-nodes/n8n-nodes-langchain.openai/},
    urlaccessdate = {25 set. 2025}
}

@misc{n8n_code,
    author = {N8N.IO},
    title = {Code},
    year = {2025},
    url = {https://docs.n8n.io/integrations/builtin/core-nodes/n8n-nodes-base.code/},
    urlaccessdate = {25 set. 2025}
}

@misc{n8n_split_out,
    author = {N8N.IO},
    title = {Split Out},
    year = {2025},
    url = {https://docs.n8n.io/integrations/builtin/core-nodes/n8n-nodes-base.splitout/},
    urlaccessdate = {25 set. 2025}
}

@misc{n8n_slack,
    author = {N8N.IO},
    title = {Slack},
    year = {2025},
    url = {https://docs.n8n.io/integrations/builtin/app-nodes/n8n-nodes-base.slack/},
    urlaccessdate = {25 set. 2025}
}

@misc{openai_gpt4o_mini,
    author = {OPENAI},
    title = {GPT-4o mini},
    year = {2024},
    url = {https://openai.com/index/gpt-4o-mini-advancing-cost-efficient-intelligence/},
    urlaccessdate = {25 set. 2025}
}

@misc{newsapi,
    author = {NEWSAPI.ORG},
    title = {NewsAPI - A JSON API for live news and blog articles},
    year = {2025},
    url = {https://newsapi.org/},
    urlaccessdate = {25 set. 2025}
}

@misc{n8n_platform,
    author = {N8N.IO},
    title = {n8n - Workflow automation for technical people},
    year = {2025},
    url = {https://n8n.io/},
    urlaccessdate = {25 set. 2025}
}

@misc{slack_platform,
    author = {SLACK TECHNOLOGIES},
    title = {Slack - Where work happens},
    year = {2025},
    url = {https://slack.com/},
    urlaccessdate = {25 set. 2025}
}

@misc{openai_api,
    author = {OPENAI},
    title = {OpenAI API Documentation},
    year = {2025},
    url = {https://platform.openai.com/docs/},
    urlaccessdate = {25 set. 2025}
}

@misc{n8n_essential_tricks,
    author = {GEEKY-GADGETS},
    title = {30 essential n8n tricks that will take your ai automations to the next level},
    year = {2025},
    url = {https://www.geeky-gadgets.com/n8n-features-for-automation/},
    urlaccessdate = {23 set. 2025}
}

@misc{n8n_ai_coding,
    author = {N8N.IO},
    title = {AI coding - n8n docs},
    year = {2025},
    url = {https://docs.n8n.io/code/ai-code/},
    urlaccessdate = {23 set. 2025}
}

@misc{ai_safe_framework,
    author = {CYBERSTRATEGYINSTITUTE},
    title = {AI SafeÂ²: A next-generation secure ai agent framework for agentic ai automation},
    year = {2025},
    url = {https://cyberstrategyinstitute.com/ai-safe%C2%B2-a-next-generation-secure-ai-agent-framework-for-agentic-ai-automation/},
    urlaccessdate = {23 set. 2025}
}

@misc{n8n_workflow_automation,
    author = {N8N.IO},
    title = {AI workflow automation platform \& tools - n8n},
    year = {2025},
    url = {https://n8n.io/},
    urlaccessdate = {23 set. 2025}
}

@misc{n8n_code_integrations,
    author = {N8N.IO},
    title = {Code integrations | workflow automation with n8n},
    year = {2025},
    url = {https://n8n.io/integrations/code/},
    urlaccessdate = {23 set. 2025}
}

@misc{semgrep_custom_rules,
    author = {SEMGREP},
    title = {Custom rule examples - semgrep},
    year = {2025},
    url = {https://semgrep.dev/docs/writing-rules/rule-ideas},
    urlaccessdate = {23 set. 2025}
}

@misc{cve_2023_27562,
    author = {FEEDLY},
    title = {CVE-2023-27562 - exploits \& severity - feedly},
    year = {2025},
    url = {https://feedly.com/cve/CVE-2023-27562},
    urlaccessdate = {23 set. 2025}
}

@misc{cve_2025_49595,
    author = {NIST},
    title = {CVE-2025-49595 detail - nvd},
    year = {2025},
    url = {https://nvd.nist.gov/vuln/detail/CVE-2025-49595},
    urlaccessdate = {23 set. 2025}
}

@misc{n8n_cybersecurity_workflows,
    author = {CYBERSECURITYUP},
    title = {n8n-cybersecurity-workflows: Security automation with n8n ideas: 100+ red/blue/appsec workflows, integrations, and ready-to-run playbooks},
    year = {2025},
    url = {https://github.com/CyberSecurityUP/n8n-CyberSecurity-Workflows},
    urlaccessdate = {23 set. 2025}
}

@misc{n8n_screenshot_workflow,
    author = {N8N.IO},
    title = {Generate website screenshots on-demand with screenshotmachine api via webhooks | n8n workflow template},
    year = {2025},
    url = {https://n8n.io/workflows/4594-generate-website-screenshots-on-demand-with-screenshotmachine-api-via-webhoo},
    urlaccessdate = {23 set. 2025}
}

@misc{gitguardian_secret_revocation,
    author = {GITGUARDIAN},
    title = {Gitguardian introduces one-click secret revocation to accelerate incident response},
    year = {2025},
    url = {https://blog.gitguardian.com/gitguardian-introduces-one-click-secret-revocation-to-accelerate-incident-respons},
    urlaccessdate = {23 set. 2025}
}

@misc{n8n_ai_sql_queries,
    author = {LATENODE},
    title = {How to configure n8n for ai-generated sql queries on microsoft sql database? - n8n},
    year = {2025},
    url = {https://community.latenode.com/t/how-to-configure-n8n-for-ai-generated-sql-queries-on-microsoft-sql-database/8189},
    urlaccessdate = {23 set. 2025}
}

@misc{n8n_workflow_analysis,
    author = {REDDIT},
    title = {I analysed 2000+ n8n workflows and this is what i learned - reddit},
    year = {2025},
    url = {https://www.reddit.com/r/n8n/comments/1l1f6n8/i_analysed_2000_n8n_workflows_and_this_is_what_i/},
    urlaccessdate = {23 set. 2025}
}

@misc{owasp_lcnc_sec_05,
    author = {OWASP},
    title = {LCNC-SEC-05: Security misconfiguration - owasp foundation},
    year = {2025},
    url = {https://owasp.org/www-project-top-10-low-code-no-code-security-risks/content/2022/en/LCNC-SEC-05-Security-Misconfiguration},
    urlaccessdate = {23 set. 2025}
}

@misc{owasp_lcnc_sec_06,
    author = {OWASP},
    title = {LCNC-SEC-06: Injection handling failures | owasp foundation},
    year = {2025},
    url = {https://owasp.org/www-project-top-10-low-code-no-code-security-risks/content/2022/en/LCNC-SEC-06-Injection-Handling-Failures},
    urlaccessdate = {23 set. 2025}
}

@misc{owasp_lcnc_sec_07,
    author = {OWASP},
    title = {LCNC-SEC-07: Vulnerable and untrusted components - owasp foundation},
    year = {2025},
    url = {https://owasp.org/www-project-top-10-low-code-no-code-security-risks/content/2022/en/LCNC-SEC-07-Vulnerable-and-Untrusted-Components},
    urlaccessdate = {23 set. 2025}
}

@misc{owasp_lcnc_sec_08,
    author = {OWASP},
    title = {LCNC-SEC-08: Data and secret handling failures | owasp foundation},
    year = {2025},
    url = {https://owasp.org/www-project-top-10-low-code-no-code-security-risks/content/2022/en/LCNC-SEC-08-Data-and-Secret-Handling-Failures},
    urlaccessdate = {23 set. 2025}
}

@misc{n8n_mysql_escaping,
    author = {N8N COMMUNITY},
    title = {Massive security vulnerabilities through improper mysql escaping},
    year = {2025},
    url = {https://community.n8n.io/t/massive-security-vulnerabilities-through-improper-mysql-escaping/167711},
    urlaccessdate = {23 set. 2025}
}

@misc{n8n_microsoft_sql,
    author = {N8N.IO},
    title = {Microsoft sql integrations | workflow automation with n8n},
    year = {2025},
    url = {https://n8n.io/integrations/microsoft-sql/},
    urlaccessdate = {23 set. 2025}
}

@misc{n8n_cloud_security,
    author = {N8N COMMUNITY},
    title = {N8n cloud security: Protection against ddos, unauthorized access \& webhook abuse},
    year = {2025},
    url = {https://community.n8n.io/t/n8n-cloud-security-protection-against-ddos-unauthorized-access-webhook-abuse/181039},
    urlaccessdate = {23 set. 2025}
}

@misc{n8n_legal,
    author = {N8N.IO},
    title = {n8n legal},
    year = {2025},
    url = {https://n8n.io/legal/},
    urlaccessdate = {23 set. 2025}
}

@misc{n8nchat,
    author = {N8NCHAT},
    title = {n8nchat - create n8n workflows with ai},
    year = {2025},
    url = {https://n8nchat.com/},
    urlaccessdate = {23 set. 2025}
}

@misc{owasp_lcnc_top10,
    author = {OWASP},
    title = {Owasp low-code/no-code top 10},
    year = {2025},
    url = {https://owasp.org/www-project-top-10-low-code-no-code-security-risks/},
    urlaccessdate = {23 set. 2025}
}

@misc{n8n_privacy,
    author = {N8N.IO},
    title = {Privacy - n8n docs},
    year = {2025},
    url = {https://docs.n8n.io/privacy-security/privacy/},
    urlaccessdate = {23 set. 2025}
}

@misc{splxai_n8n_scanning,
    author = {SPLXAI},
    title = {Scanning n8n workflows with agentic radar | splxai blog},
    year = {2025},
    url = {https://splx.ai/blog/scanning-n8n-workflows-with-agentic-radar},
    urlaccessdate = {23 set. 2025}
}

@misc{n8n_security,
    author = {N8N.IO},
    title = {Security - n8n},
    year = {2025},
    url = {https://n8n.io/legal/security/},
    urlaccessdate = {23 set. 2025}
}

@misc{n8n_github_security,
    author = {N8N.IO},
    title = {Security overview Â· n8n-io/n8n Â· github},
    year = {2025},
    url = {https://github.com/n8n-io/n8n/security},
    urlaccessdate = {23 set. 2025}
}

@misc{semgrep_platform,
    author = {SEMGREP},
    title = {Semgrep app security platform | ai-assisted sast, sca and secrets detection},
    year = {2025},
    url = {https://semgrep.dev/},
    urlaccessdate = {23 set. 2025}
}

@misc{n8n_best_practices_reddit,
    author = {REDDIT},
    title = {Sharing some best practices for reliable and secure n8n automations - reddit},
    year = {2025},
    url = {https://www.reddit.com/r/n8n/comments/1m7wq6q/sharing_some_best_practices_for_reliable_and/},
    urlaccessdate = {23 set. 2025}
}

@misc{owasp_source_code_analysis,
    author = {OWASP},
    title = {Source code analysis tools - owasp foundation},
    year = {2025},
    url = {https://owasp.org/www-community/Source_Code_Analysis_Tools},
    urlaccessdate = {23 set. 2025}
}

@misc{gitlab_sast,
    author = {GITLAB},
    title = {Static application security testing (sast) - gitlab docs},
    year = {2025},
    url = {https://docs.gitlab.com/user/application_security/sast/},
    urlaccessdate = {23 set. 2025}
}

@misc{prototype_pollution,
    author = {DEV.TO},
    title = {Tryhackme: Prototype pollution - dev community},
    year = {2025},
    url = {https://dev.to/seanleeys/tryhackme-prototype-pollution-5fa2},
    urlaccessdate = {23 set. 2025}
}

@misc{websecscan_workflow,
    author = {N8N.IO},
    title = {Websecscan: Ai-powered website security auditor | n8n workflow template},
    year = {2025},
    url = {https://n8n.io/workflows/3314-websecscan-ai-powered-website-security-auditor/},
    urlaccessdate = {23 set. 2025}
}

@misc{ssrf_tutorial,
    author = {PORTSWIGGER},
    title = {What is ssrf (server-side request forgery)? tutorial \& examples | web security academy},
    year = {2025},
    url = {https://portswigger.net/web-security/ssrf},
    urlaccessdate = {23 set. 2025}
}

@misc{n8n_privacy_what_you_can_do,
    author = {N8N.IO},
    title = {What you can do - n8n docs},
    year = {2025},
    url = {https://docs.n8n.io/privacy-security/what-you-can-do/},
    urlaccessdate = {23 set. 2025}
}

@misc{michel_n8n_security,
    author = {Mathias Michel},
    title = {n8n security best practices: Protect your data and workflows},
    year = {2025},
    url = {https://mathias.rocks/blog/2025-01-20-n8n-security-best-practices},
    urlaccessdate = {23 set. 2025}
}

@misc{splxai_medium_scanning,
    author = {SplxAI},
    title = {Scanning n8n workflows with agentic radar},
    year = {2025},
    url = {https://medium.com/@SplxAI/scanning-n8n-workflows-with-agentic-radar-62f8e1a5c705},
    urlaccessdate = {23 set. 2025}
}
