@misc{n8n_schedule_trigger,
    author = {N8N.IO},
    title = {Schedule Trigger},
    year = {2025},
    url = {https://docs.n8n.io/integrations/builtin/core-nodes/n8n-nodes-base.scheduletrigger/},
    urlaccessdate = {25 set. 2025}
}

@misc{n8n_datetime,
    author = {N8N.IO},
    title = {Date \& Time},
    year = {2025},
    url = {https://docs.n8n.io/integrations/builtin/core-nodes/n8n-nodes-base.datetime/},
    urlaccessdate = {25 set. 2025}
}

@misc{n8n_http_request,
    author = {N8N.IO},
    title = {HTTP Request},
    year = {2025},
    url = {https://docs.n8n.io/integrations/builtin/core-nodes/n8n-nodes-base.httprequest/},
    urlaccessdate = {25 set. 2025}
}

@misc{n8n_merge,
    author = {N8N.IO},
    title = {Merge},
    year = {2025},
    url = {https://docs.n8n.io/integrations/builtin/core-nodes/n8n-nodes-base.merge/},
    urlaccessdate = {25 set. 2025}
}

@misc{n8n_aggregate,
    author = {N8N.IO},
    title = {Aggregate},
    year = {2025},
    url = {https://docs.n8n.io/integrations/builtin/core-nodes/n8n-nodes-base.aggregate/},
    urlaccessdate = {25 set. 2025}
}

@misc{n8n_set,
    author = {N8N.IO},
    title = {Edit Fields (Set)},
    year = {2025},
    url = {https://docs.n8n.io/integrations/builtin/core-nodes/n8n-nodes-base.set/},
    urlaccessdate = {25 set. 2025}
}

@misc{n8n_openai,
    author = {N8N.IO},
    title = {OpenAI},
    year = {2025},
    url = {https://docs.n8n.io/integrations/builtin/app-nodes/n8n-nodes-langchain.openai/},
    urlaccessdate = {25 set. 2025}
}

@misc{n8n_code,
    author = {N8N.IO},
    title = {Code},
    year = {2025},
    url = {https://docs.n8n.io/integrations/builtin/core-nodes/n8n-nodes-base.code/},
    urlaccessdate = {25 set. 2025}
}

@misc{n8n_split_out,
    author = {N8N.IO},
    title = {Split Out},
    year = {2025},
    url = {https://docs.n8n.io/integrations/builtin/core-nodes/n8n-nodes-base.splitout/},
    urlaccessdate = {25 set. 2025}
}

@misc{n8n_slack,
    author = {N8N.IO},
    title = {Slack},
    year = {2025},
    url = {https://docs.n8n.io/integrations/builtin/app-nodes/n8n-nodes-base.slack/},
    urlaccessdate = {25 set. 2025}
}

@misc{openai_gpt4o_mini,
    author = {OPENAI},
    title = {GPT-4o mini},
    year = {2024},
    url = {https://openai.com/index/gpt-4o-mini-advancing-cost-efficient-intelligence/},
    urlaccessdate = {25 set. 2025}
}

@misc{newsapi,
    author = {NEWSAPI.ORG},
    title = {NewsAPI - A JSON API for live news and blog articles},
    year = {2025},
    url = {https://newsapi.org/},
    urlaccessdate = {25 set. 2025}
}

@misc{n8n_platform,
    author = {N8N.IO},
    title = {n8n - Workflow automation for technical people},
    year = {2025},
    url = {https://n8n.io/},
    urlaccessdate = {25 set. 2025}
}

@misc{slack_platform,
    author = {SLACK TECHNOLOGIES},
    title = {Slack - Where work happens},
    year = {2025},
    url = {https://slack.com/},
    urlaccessdate = {25 set. 2025}
}

@misc{openai_api,
    author = {OPENAI},
    title = {OpenAI API Documentation},
    year = {2025},
    url = {https://platform.openai.com/docs/},
    urlaccessdate = {25 set. 2025}
}
